@article{rudin1992nonlinear,
  title={Nonlinear total variation based noise removal algorithms},
  author={Rudin, Leonid I and Osher, Stanley and Fatemi, Emad},
  journal={Physica D: nonlinear phenomena},
  volume={60},
  number={1-4},
  pages={259--268},
  year={1992},
  publisher={Elsevier}
}

@article{chambolle2016introduction,
  title={An introduction to continuous optimization for imaging},
  author={Chambolle, Antonin and Pock, Thomas},
  journal={Acta Numerica},
  volume={25},
  pages={161--319},
  year={2016},
  publisher={Cambridge University Press}
}

@article{condat2013primal,
  title={A primal--dual splitting method for convex optimization involving Lipschitzian, proximable and linear composite terms},
  author={Condat, Laurent},
  journal={Journal of optimization theory and applications},
  volume={158},
  number={2},
  pages={460--479},
  year={2013},
  publisher={Springer}
}

@article{bredies2010total,
  title={Total generalized variation},
  author={Bredies, Kristian and Kunisch, Karl and Pock, Thomas},
  journal={SIAM Journal on Imaging Sciences},
  volume={3},
  number={3},
  pages={492--526},
  year={2010},
  publisher={SIAM}
}

@article{parikh2014proximal,
  title={Proximal algorithms},
  author={Parikh, Neal and Boyd, Stephen},
  journal={Foundations and Trends in optimization},
  volume={1},
  number={3},
  pages={127--239},
  year={2014},
  publisher={Now Publishers Inc. Hanover, MA, USA}
}